@misc{github__go_rod,
  author       = {go-rod},
  title        = {Go-Rod: A Chrome DevTools Protocol driver for web automation and scraping.},
  year         = {2025},
  howpublished = {\url{https://github.com/go-rod/rod}},
  note         = {Accessed: 2025-05-19}
}

@misc{github__puppeteer,
  author       = {puppeteer},
  title        = {Puppeteer: JavaScript API for Chrome and Firefox.},
  year         = {2025},
  howpublished = {\url{https://github.com/puppeteer/puppeteer}},
  note         = {Accessed: 2025-05-19}
}

@misc{github__mailhog,
  author       = {mailhog},
  title        = {MailHog: Web and API based SMTP testing.},
  year         = {2025},
  howpublished = {\url{https://github.com/mailhog/MailHog}},
  note         = {Accessed: 2025-05-19}
}

@misc{github__hono,
  author       = {honojs},
  title        = {Hono: Web framework built on Web Standards.},
  year         = {2025},
  howpublished = {\url{https://github.com/honojs/hono}},
  note         = {Accessed: 2025-05-19}
}

@misc{github__pixelmatch,
  author       = {orisano},
  title        = {pixelmatch: mapbox/pixelmatch ports for go.},
  year         = {2025},
  howpublished = {\url{https://github.com/orisano/pixelmatch}},
  note         = {Accessed: 2025-05-19}
}

@misc{github__nginx_unprivileged,
  author       = {nginx},
  title        = {nginxinc/nginx-unprivileged: Unprivileged NGINX Dockerfiles.},
  year         = {2025},
  howpublished = {\url{https://github.com/nginx/docker-nginx-unprivileged}},
  note         = {Accessed: 2025-05-27}
}



@misc{github__golang,
  author       = {golang},
  title        = {go: The Go programming language.},
  year         = {2025},
  howpublished = {\url{https://github.com/golang/go}},
  note         = {Accessed: 2025-05-26}
}

@misc{github__pwntools,
  author       = {Gallopsled},
  title        = {pwntools: CTF framework and exploit development library.},
  year         = {2025},
  howpublished = {\url{https://github.com/Gallopsled/pwntools}},
  note         = {Accessed: 2025-05-20}
}

@misc{chromium,
  author       = {The Chromium Projects},
  title        = {Chromium},
  year         = {2025},
  howpublished = {\url{https://www.chromium.org/Home/}},
  note         = {Accessed: 2025-05-19}
}

@misc{owasp__xss,
  author       = {OWASP Foundation},
  title        = {Cross Site Scripting (XSS)},
  year         = {2025},
  howpublished = {\url{https://owasp.org/www-community/attacks/xss/}},
  note         = {Accessed: 2025-05-20}
}

@misc{owasp__xss_top_ten,
  author       = {OWASP Foundation},
  title        = {A7:2017-Cross-Site Scripting (XSS)},
  year         = {2025},
  howpublished = {\url{https://owasp.org/www-project-top-ten/2017/A7_2017-Cross-Site_Scripting_(XSS).html}},
  note         = {Accessed: 2025-05-20}
}

@misc{rfc7519,
    series =    {Request for Comments},
    number =    7519,
    howpublished =  {RFC 7519},
    publisher = {RFC Editor},
    doi =       {10.17487/RFC7519},
    url =       {https://www.rfc-editor.org/info/rfc7519},
    author =    {Michael B. Jones and John Bradley and Nat Sakimura},
    title =     {{JSON Web Token (JWT)}},
    pagetotal = 30,
    year =      2015,
    month =     may,
    abstract =  {JSON Web Token (JWT) is a compact, URL-safe means of representing claims to be transferred between two parties. The claims in a JWT are encoded as a JSON object that is used as the payload of a JSON Web Signature (JWS) structure or as the plaintext of a JSON Web Encryption (JWE) structure, enabling the claims to be digitally signed or integrity protected with a Message Authentication Code (MAC) and/or encrypted.},
}

@misc{chrome_issue,
  author       = {aa...@gmail.com},
  title        = {Chrome crashes/fails to load when /dev/shm is too small, and location can't be overridden},
  year         = {2025},
  howpublished = {\url{http://crbug.com/715363}},
  note         = {Accessed: 2025-05-29}
}


@misc{lockheedmartin_cyber_kill_chain,
  author       = {Lockheed Martin},
  title        = {Cyber Kill Chain},
  year         = {2025},
  howpublished = {\url{https://www.lockheedmartin.com/en-us/capabilities/cyber/cyber-kill-chain.html}},
  note         = {Accessed: 2025-05-20}
}

@misc{ctf_platform,
  author       = {ctf.jacopomauro.com},
  title        = {CTF Platform},
  year         = {2025},
  howpublished = {\url{https://ctf.jacopomauro.com/}},
  note         = {Accessed: 2025-05-20}
}

@misc{ctf_platform_documentation,
  author       = {Kian Banke Larsen},
  title        = {Guide to Create and Locally test the challenge},
  year         = {2025},
  howpublished = {\url{https://kianbankelarsen.github.io/CTF-Platform/challenge_building_info.html}},
  note         = {Accessed: 2025-05-22}
}

@misc{sdu_dm577,
  author       = {sdu.dk},
  title        = {DM577: Introduction to Artificial Intelligence},
  year         = {2025},
  howpublished = {\url{https://odin.sdu.dk/sitecore/index.php?a=fagbesk&id=108696&lang=en&listid=}},
  note         = {Accessed: 2025-05-22}
}

@misc{sdu_dm586,
  author       = {sdu.dk},
  title        = {DM586: Networks and Cybersecurity},
  year         = {2025},
  howpublished = {\url{https://odin.sdu.dk/sitecore/index.php?a=searchfagbesk&internkode=dm586&lang=en}},
  note         = {Accessed: 2025-05-22}
}

@misc{calling_conventions,
  author       = {osdev.org},
  title        = {Calling Conventions},
  year         = {2025},
  howpublished = {\url{https://wiki.osdev.org/Calling_Conventions#System_V_ABI}},
  note         = {Accessed: 2025-05-26}
}

@misc{dms_recommended,
  author       = {docker-mailserver},
  title        = {FAQ - Docker Mailserver},
  year         = {2025},
  howpublished = {\url{https://docker-mailserver.github.io/docker-mailserver/latest/faq/\#recommended}},
  note         = {Accessed: 2025-05-22}
}

@misc{sdu_phishing,
  author       = {sdunet.dk},
  title        = {You have been phished!},
  year         = {2025},
  howpublished = {\url{https://sdunet.dk/en/servicesider/it/digital/databeskyttelse-og-informationssikkerhed/phishing}},
  note         = {Accessed: 2025-05-25}
}

@misc{clone_phishing,
  author       = {Eemeli},
  title        = {Clone Phishing: Here's What You Need to Know To Protect Your Organization.},
  year         = {2025},
  howpublished = {\url{https://hoxhunt.com/blog/clone-phishing}},
  note         = {Accessed: 2025-05-25}
}

@inbook{Stallings_Brown_2017,
  address   ={330 Hudson Street, New York, NY 10013, USA},
  edition   ={4th},
  title     ={Computer security: principles and practice},
  publisher ={Pearson},
  author    ={Stallings, William and Brown, Lawrie},
  year      ={2018},
} 

@misc{curl,
    author       = {curl},
    title        = {Curl - Documentation Overview.},
    year         = {2025},
    howpublished = {\url{https://curl.se/docs/}},
    note         = {Accessed: 2025-05-26}
}

@misc{grep,
    author       = {grep},
    title        = {Grep - Linux Manual Page.},
    year         = {2025},
    howpublished = {\url{https://man7.org/linux/man-pages/man1/grep.1.html}},
    note         = {Accessed: 2025-05-26}
}

@misc{exiftool,
    author       = {exiftool},
    title        = {Exiftool},
    year         = {2025},
    howpublished = {\url{https://exiftool.org/}},
    note         = {Accessed: 2025-05-26}
}

@misc{WhatisOSINT,
    author       = {Ritu Gill},
    title        = {What is Open-Source Intelligence?
},
    year         = {2023},
    howpublished = {\url{https://www.sans.org/blog/what-is-open-source-intelligence/}},
    note         = {Accessed: 2025-05-27}
}

@misc{Wget,
    author       = {Free Software Foundation},
    title        = {Wget},
    year         = {2024},
    howpublished = {\url{https://www.gnu.org/software/wget}},
    note         = {Accessed: 2025-05-27}
}

@misc{Awk,
    author       = {Free Software Foundation},
    title        = {awk},
    year         = {2024},
    howpublished = {\url{https://www.gnu.org/software/gawk}},
    note         = {Accessed: 2025-05-27}
}

@misc{Sed,
    author       = {Free Software Foundation},
    title        = {sed},
    year         = {2024},
    howpublished = {\url{https://www.gnu.org/software/sed}},
    note         = {Accessed: 2025-05-27}
}


@misc{Bash,
    author       = {Free Software Foundation},
    title        = {Bash},
    year         = {2022},
    howpublished = {\url{https://www.gnu.org/software/bash}},
    note         = {Accessed: 2025-05-27}
}

@misc{JakobNielsen10Heuristic,
    author       = {Jakob Nielsen},
    title        = {10 Usability Heuristics for User Interface Design
},
    year         = {2024},
    howpublished = {\url{https://www.nngroup.com/articles/ten-usability-heuristics//}},
    note         = {Accessed: 2025-05-27}
}


@misc{python_maxsize,
  author       = {The Python Software Foundation},
  title        = {sys --- System-specific parameters and functions},
  year         = {2025},
  howpublished = {\url{https://docs.python.org/3/library/sys.html\#sys.maxsize}},
  note         = {Accessed: 2025-05-28}
}


@misc{ctf_overview,
  title        = {What's a CTF?},
  author       = {{CTFd}},
  howpublished = {\url{https://ctfd.io/whats-a-ctf/}},
  note         = {Accessed: 2025-05-30}
}

@misc{challenge-jail,
    title        = {Challenge-Jail},
    author       = {cybersecnat},
    howpublished = {\url{https://hub.docker.com/r/cybersecnatlab/challenge-jail}},
    note         = {Accessed: 2025-05-31}
}

@misc{nsjail,
    title        = {NsJail},
    author       = {Google},
    howpublished = {\url{https://github.com/google/nsjail}},
    note         = {Accessed: 2025-05-31}
}

@misc{socaz,
    title        = {socaz},
    author       = {cybersecnat},
    howpublished = {\url{https://hub.docker.com/r/cybersecnatlab/socaz}},
    note         = {Accessed: 2025-05-31}
}

@misc{openECSC,
    title        = {openECSC 2024},
    author       = {ECSC2024},
    howpublished = {\url{https://github.com/ECSC2024/openECSC-2024}},
    note         = {Accessed: 2025-05-31}
}

@misc{gcc,
    title        = {The GNU Compiler collection},
    author       = {GNU Project},
    howpublished = {\url{https://gcc.gnu.org/}},
    note         = {Accessed: 2025-05-31}
}

@misc{x86-64,
    title        = {x86 Architecture Overview},
    author       = {Ray Toal},
    howpublished = {\url{https://cs.lmu.edu/~ray/notes/x86overview/}},
    note         = {Accessed: 2025-05-31}
}

@misc{systemv,
    title        = {System V Application Binary Interface: AMD64 Architecture Processor Supplement},
    author       = {x86-64 psABI Maintainers},
    howpublished = {\url{https://gitlab.com/x86-psABIs/x86-64-ABI}},
    note         = {Accessed: 2025-05-31}
}


@misc{relro,
    title        = {Hardening ELF binaries using Relocation Read-Only (RELRO)},
    author       = {Huzaifa Sidhpurwala},
    howpublished = {\url{https://www.redhat.com/en/blog/hardening-elf-binaries-using-relocation-read-only-relro}},
    note         = {Accessed: 2025-05-31}
}

@misc{rop,
    title        = {Return Oriented Programming (ROP) attacks},
    author       = {D12d0x34X},
    howpublished = {\url{https://www.infosecinstitute.com/resources/hacking/return-oriented-programming-rop-attacks/}},
    note         = {Accessed: 2025-05-31}
}

@misc{aslr,
    title        = {What is ASLR (Address Space Layout Randomization)?},
    author       = {Mukhadin Beschokov},
    howpublished = {\url{https://www.wallarm.com/what/what-is-aslr-address-space-layout-randomization
}},
    note         = {Accessed: 2025-05-31}
}

@misc{glibc,
    title        = {The GNU C Library},
    author       = {GNU Project},
    howpublished = {\url{https://www.gnu.org/software/libc/}},
    note         = {Accessed: 2025-05-31}
}

@misc{malloc,
    title        = {Malloc Internals},
    author       = {glibc wiki},
    howpublished = {\url{https://sourceware.org/glibc/wiki/MallocInternals}},
    note         = {Accessed: 2025-05-31}
}


@misc{canary,
    title        = {Stack Canaries – Gingerly Sidestepping the Cage},
    author       = {Michiel Lemmens},
    year         = {2021},
    howpublished = {\url{https://www.sans.org/blog/stack-canaries-gingerly-sidestepping-the-cage/}},
    note         = {Accessed: 2025-05-31}
}




@misc{pie,
    title        = {Position Independent Executables (PIE)},
    author       = {Red Hat},
    year         = {2012},
    howpublished = {\url{https://www.redhat.com/en/blog/position-independent-executables-pie}},
    note         = {Accessed: 2025-05-31}
}


@misc{got,
    title        = {Simple GOT Overwrite},
    author       = {pwntools},
    howpublished = {\url{https://blog.pwntools.com/posts/got-overwrite/}},
    note         = {Accessed: 2025-05-31}
}


@misc{sshtunnel,
    title        = {Welcome to sshtunnel’s documentation!},
    author       = {Pahaz},
    howpublished = {\url{https://sshtunnel.readthedocs.io/en/latest/index.html}},
    note         = {Accessed: 2025-05-31}
}

@misc{golang_ssh,
    title        = {Documentation},
    author       = {cs.opensource.google},
    howpublished = {\url{https://pkg.go.dev/golang.org/x/crypto/ssh}},
    note         = {Accessed: 2025-05-31}
}



@misc{gdb,
    title        = {GDB: The GNU Project Debugger},
    author       = {GNU Project},
    howpublished = {\url{https://sourceware.org/gdb/}},
    note         = {Accessed: 2025-05-31}
}



@misc{pwndbg,
    title        = {pwndbg},
    author       = {pwndbg},
    howpublished = {\url{https://github.com/pwndbg/pwndbg}},
    note         = {Accessed: 2025-05-31}
}




@misc{ghidra,
    title        = {Ghidra},
    author       = {National Security Agency},
    howpublished = {\url{https://github.com/NationalSecurityAgency/ghidra}},
    note         = {Accessed: 2025-05-31}
}